<record><leader>00000cas a2200000 a 4500</leader><controlfield tag="001">14195862</controlfield><controlfield tag="008">860909d19261929kyuwr ne      0    0eng d</controlfield><datafield ind1=" " ind2=" " tag="010"><subfield code="a">sn 86069489 </subfield></datafield><datafield ind1=" " ind2=" " tag="040"><subfield code="a">KNP</subfield><subfield code="b">eng</subfield><subfield code="c">KNP</subfield><subfield code="d">OCL</subfield><subfield code="d">OCLCQ</subfield><subfield code="d">KYUBL</subfield><subfield code="d">OCLCQ</subfield><subfield code="d">OCLCF</subfield><subfield code="d">OCLCO</subfield></datafield><datafield ind1="1" ind2=" " tag="029"><subfield code="a">AU@</subfield><subfield code="b">000025826499</subfield></datafield><datafield ind1=" " ind2=" " tag="042"><subfield code="a">msc</subfield></datafield><datafield ind1=" " ind2=" " tag="043"><subfield code="a">n-us-ky</subfield></datafield><datafield ind1="0" ind2=" " tag="130"><subfield code="a">Greensburg record-herald (1926)</subfield></datafield><datafield ind1="1" ind2="4" tag="245"><subfield code="a">The Greensburg record-herald.</subfield></datafield><datafield ind1=" " ind2=" " tag="260"><subfield code="a">Greensburg, Ky. :</subfield><subfield code="b">O.E. Taylor,</subfield><subfield code="c">1926-1929.</subfield></datafield><datafield ind1=" " ind2=" " tag="300"><subfield code="a">v. :</subfield><subfield code="b">ill.</subfield></datafield><datafield ind1=" " ind2=" " tag="310"><subfield code="a">Weekly</subfield></datafield><datafield ind1="0" ind2=" " tag="362"><subfield code="a">Vol. 1, no. 5 (Nov. 11, 1926)-v. 34, no. 45 (May 8, 1929).</subfield></datafield><datafield ind1=" " ind2=" " tag="515"><subfield code="a">First issue continues volume numbering of the Greensburg herald (Greensburg, Ky.).</subfield></datafield><datafield ind1=" " ind2=" " tag="515"><subfield code="a">Second and following issues continue volume numbering of Green County record.</subfield></datafield><datafield ind1=" " ind2="0" tag="651"><subfield code="a">Green County (Ky.)</subfield><subfield code="v">Newspapers.</subfield></datafield><datafield ind1=" " ind2="0" tag="651"><subfield code="a">Greensburg (Ky.)</subfield><subfield code="v">Newspapers.</subfield></datafield><datafield ind1=" " ind2="7" tag="655"><subfield code="a">Newspapers.</subfield><subfield code="2">fast</subfield><subfield code="0">(OCoLC)fst01423814</subfield></datafield><datafield ind1=" " ind2="7" tag="651"><subfield code="a">Kentucky</subfield><subfield code="z">Green County.</subfield><subfield code="2">fast</subfield><subfield code="0">(OCoLC)fst01205210</subfield></datafield><datafield ind1=" " ind2="7" tag="651"><subfield code="a">Kentucky</subfield><subfield code="z">Greensburg.</subfield><subfield code="2">fast</subfield><subfield code="0">(OCoLC)fst01252145</subfield></datafield><datafield ind1="0" ind2="4" tag="780"><subfield code="t">Green County record</subfield><subfield code="w">(DLC)sn 86069487</subfield></datafield><datafield ind1="0" ind2="4" tag="780"><subfield code="t">Greensburg herald (Greensburg, Ky.)</subfield><subfield code="w">(DLC)sn 86069488</subfield></datafield><datafield ind1="0" ind2="0" tag="785"><subfield code="t">Record-herald (Greensburg, Ky.)</subfield><subfield code="w">(DLC)sn 87060354</subfield></datafield></record>